%% Sample bibliography file for mitthesis.cls
%%
%% Revised: 01 August 2024
%% Copyright John H. Lienhard, MIT
%% Offered under the MIT license: https://ctan.org/license/mit 

%% REFER TO biblatex documentation for details about possible fields
%% bibtex support depends on the bibtex style (.bst) and is usually more limited

@book{douglass,
  author    = {Bruce Powel Douglass},
  title     = {Design Patterns for Embedded Systems in C: An Embedded Software Engineering Toolkit},
  year      = {2011},
  publisher = {Newnes},
  address   = {Oxford, UK},
  url       = {https://www.sciencedirect.com/book/9780123850034/design-patterns-for-embedded-systems-in-c}
}

@book{elecia,
  author    = {Elecia White},
  title     = {Making Embedded Systems: Design Patterns for Great Software},
  year      = {2011},
  publisher = {O'Reilly Media},
  address   = {Sebastopol, CA, USA},
  url       = {https://www.oreilly.com/library/view/making-embedded-systems/9781449308880/}
}

@book{noergaard2005embedded,
  author    = {Tammy Noergaard},
  title     = {Embedded Systems Architecture: A Comprehensive Guide for Engineers and Programmers},
  publisher = {Elsevier},
  year      = {2005},
  address   = {Boston, MA}
}












   